<record><leader>00000cas a22000007a 4500</leader><controlfield tag="001">21111070</controlfield><controlfield tag="008">900222d18581860aruwr ne      0    0eng d</controlfield><datafield ind1=" " ind2=" " tag="010"><subfield code="a">sn 90050067 </subfield></datafield><datafield ind1=" " ind2=" " tag="040"><subfield code="a">ANU</subfield><subfield code="b">eng</subfield><subfield code="c">ANU</subfield><subfield code="d">OBN</subfield><subfield code="d">OCL</subfield><subfield code="d">OCLCQ</subfield><subfield code="d">OCLCF</subfield><subfield code="d">OCLCO</subfield></datafield><datafield ind1=" " ind2=" " tag="042"><subfield code="a">msc</subfield></datafield><datafield ind1=" " ind2=" " tag="043"><subfield code="a">n-us-ar</subfield></datafield><datafield ind1="0" ind2="4" tag="245"><subfield code="a">The Pocahontas weekly advertiser.</subfield></datafield><datafield ind1="3" ind2=" " tag="246"><subfield code="a">Pocahontas advertiser</subfield></datafield><datafield ind1=" " ind2=" " tag="260"><subfield code="a">Pocahontas, Ark. :</subfield><subfield code="b">Jos. T. Fisher and M. Lewis</subfield></datafield><datafield ind1=" " ind2=" " tag="300"><subfield code="a">v.</subfield></datafield><datafield ind1=" " ind2=" " tag="310"><subfield code="a">Weekly</subfield></datafield><datafield ind1="1" ind2=" " tag="362"><subfield code="a">Began in 1858; ceased in 1860.</subfield></datafield><datafield ind1=" " ind2=" " tag="588"><subfield code="a">Description based on: Vol. 1, no. 22 (May 20, 1859).</subfield></datafield><datafield ind1=" " ind2="0" tag="651"><subfield code="a">Pocahontas (Ark.)</subfield><subfield code="v">Newspapers.</subfield></datafield><datafield ind1=" " ind2="0" tag="651"><subfield code="a">Randolph County (Ark.)</subfield><subfield code="v">Newspapers.</subfield></datafield><datafield ind1=" " ind2="7" tag="655"><subfield code="a">Newspapers.</subfield><subfield code="2">fast</subfield><subfield code="0">(OCoLC)fst01423814</subfield></datafield><datafield ind1=" " ind2="7" tag="651"><subfield code="a">Arkansas</subfield><subfield code="z">Pocahontas.</subfield><subfield code="2">fast</subfield><subfield code="0">(OCoLC)fst01258993</subfield></datafield><datafield ind1=" " ind2="7" tag="651"><subfield code="a">Arkansas</subfield><subfield code="z">Randolph County.</subfield><subfield code="2">fast</subfield><subfield code="0">(OCoLC)fst01210389</subfield></datafield><datafield ind1=" " ind2=" " tag="752"><subfield code="a">United States</subfield><subfield code="b">Arkansas</subfield><subfield code="c">Randolph</subfield><subfield code="d">Pocahontas.</subfield></datafield></record>